@article{ansell2014political,
  title={The political economy of ownership: Housing markets and the welfare state},
  author={Ansell, Ben},
  journal={American Political Science Review},
  volume={108},
  number={02},
  pages={383--402},
  year={2014},
  publisher={Cambridge Univ Press}
}

@article{lewis2013compleat,
	title={The compleat economic voter: New theory and British evidence},
	author={Lewis-Beck, Michael S and Nadeau, Richard and Foucault, Martial},
	journal={British Journal of Political Science},
	volume={43},
	number={02},
	pages={241--261},
	year={2013},
	publisher={Cambridge Univ Press}
}

@article{kinder1979economic,
	title={Economic discontent and political behavior: The role of personal grievances and collective economic judgments in congressional voting},
	author={Kinder, Donald R and Kiewiet, D Roderick},
	journal={American Journal of Political Science},
	pages={495--527},
	year={1979},
	publisher={JSTOR}
}

@article{di2007formation,
	title={The formation of beliefs: evidence from the allocation of land titles to squatters},
	author={Di Tella, Rafael and Galiani, Sebastian and Schargrodsky, Ernesto},
	journal={The Quarterly Journal of Economics},
	pages={209--241},
	year={2007},
	publisher={JSTOR}
}

